<?xml version="1.0" encoding="UTF-8"?><collection xmlns="http://www.loc.gov/MARC21/slim"><record><leader>00377nam--2200145-i-4500</leader><controlfield tag="001">000005200</controlfield><controlfield tag="002">20161230</controlfield><controlfield tag="005">20170210203911</controlfield><controlfield tag="008">060222s1000------------r-----000-0-eng-d</controlfield><datafield ind1=" " ind2=" " tag="100"><subfield code="a">Candea, V</subfield></datafield><datafield ind1=" " ind2=" " tag="245"><subfield code="a">Introducere in documentarea stiintifica</subfield></datafield><datafield ind1=" " ind2=" " tag="260"><subfield code="a">Bucuresti</subfield><subfield code="b">Ed.Acad.Rpr</subfield><subfield code="c">1960</subfield></datafield><datafield ind1=" " ind2=" " tag="300"><subfield code="a">519 p</subfield></datafield><datafield ind1=" " ind2=" " tag="700"><subfield code="a">Avramescu, Adrian Stefan</subfield></datafield><datafield ind1=" " ind2=" " tag="CAT"><subfield code="a">SYS</subfield><subfield code="c">20170210</subfield><subfield code="h">203911</subfield></datafield></record></collection>